%%%%%%%%%%%%%%%%%%%%%%%%%%%%%%%%%%
%%%%%%% Increase in Tourism %%%%%%
%%%%%%%%%%%%%%%%%%%%%%%%%%%%%%%%%%

% Inbound tourist numbers
@techreport{jnto2003-2019,
  author = {{\relax Japan National Tourism Organization}},
  institution = {Japan National Tourism Organization},
  note = {(in Japanese)},
  title = {Nationality / Monthly Foreign visitors to Japan (2003-2019)},
  year = {2019},
  url = {https://www.jnto.go.jp/jpn/statistics/since2003_visitor_arrivals.pdf},
}

#tourism impacts on japanese economy
% url = {https://www.researchgate.net/profile/Thomas_Jones55/publication/263326147_Prefectural_branding_in_Japan_-_Tourism_National_Parks_and_the_Shinshu_brand/links/5c18fc1da6fdccfc7056b001/Prefectural-branding-in-Japan-Tourism-National-Parks-and-the-Shinshu-brand.pdf}
@article{jones2009,
  author = {Thomas Jones and Shin Nagata and Monta Nakajima and Kenichiro Masuyama},
  year = {2009},
  title = {Prefectural branding in {Japan} – Tourism, National Parks and the {Shinshu} brand},
  journal = {Place Branding and Public Diplomacy},
  volume = {5},
  number = {3},
  pages = {192-201},
  doi = {10.1057/pb.2009.13}
}

% Chinese tourism impact
@article{sun2017,
  author = {Sun, Y. and Wei, Y. and Zhang, L.},
  journal = {Tourism Management},
  pages = {245-252},
  title = {International academic impact of {Chinese} tourism research: a review based on the analysis of {SSCI} tourism articles from 2001 to 2012},
  volume = {58},
  year = {2017},
  doi = {10.1016/j.tourman.2016.03.008},
}

%%%%%%%%%%%%%%%%%%%%%%%%%%%%%%%%%%%%%%%%%%%%%
%%%%%% Western Bias in Social Sciences %%%%%%
%%%%%%%%%%%%%%%%%%%%%%%%%%%%%%%%%%%%%%%%%%%%%

@article{nielsen2017,
  title = "The persistent sampling bias in developmental psychology: A call to action",
  journal = "Journal of Experimental Child Psychology",
  volume = "162",
  pages = "31 - 38",
  year = "2017",
  issn = "0022-0965",
  doi = "10.1016/j.jecp.2017.04.017",
  url = "http://www.sciencedirect.com/science/article/pii/S0022096517300346",
  author = "Mark Nielsen and Daniel Haun and Joscha Kärtner and Cristine H. Legare"
}

@article{guaratne2009,
  author = {Gunaratne, Shelton A.},
  title = "{Globalization: A Non-Western Perspective: The Bias of Social Science/Communication Oligopoly}",
  journal = {Communication, Culture and Critique},
  volume = {2},
  number = {1},
  pages = {60-82},
  year = {2009},
  month = {03},
  issn = {1753-9129},
  doi = {10.1111/j.1753-9137.2008.01029.x},
  url = {https://doi.org/10.1111/j.1753-9137.2008.01029.x},
  eprint = {http://oup.prod.sis.lan/ccc/article-pdf/2/1/60/21366916/jcccrit0060.pdf},
}

@article {jones2010WEIRD,
  author = {Jones, Dan},
  title = {A WEIRD View of Human Nature Skews Psychologists{\textquoteright} Studies},
  volume = {328},
  number = {5986},
  pages = {1627--1627},
  year = {2010},
  doi = {10.1126/science.328.5986.1627},
  publisher = {American Association for the Advancement of Science},
  issn = {0036-8075},
  URL = {https://science.sciencemag.org/content/328/5986/1627},
  eprint = {https://science.sciencemag.org/content/328/5986/1627.full.pdf},
  journal = {Science}
}

@article{hogan1978biases,
  title={The biases in contemporary social psychology},
  author={Hogan, Robert T and Emler, Nicholas P},
  journal={Social Research},
  pages={478--534},
  year={1978},
  publisher={JSTOR}
}


%%%%%%%%%%%%%%%%%%%%%%%%%%%%%%%%%%%%%%%%%%%%%
%%%%%% Online reviews affect sales etc %%%%%%
%%%%%%%%%%%%%%%%%%%%%%%%%%%%%%%%%%%%%%%%%%%%%

% Online reviews affect sales
@article{basuroy2003,
  author = {Basuroy, S. and Chatterjee, S. and Ravid, S.},
  journal = {Journal Of Marketing},
  number = {4},
  pages = {103-117},
  title = {How Critical Are Critical Reviews? The Box Office Effects of Film Critics, Star Power, and Budgets},
  volume = {67},
  year = {2003},
  doi = {10.1509/jmkg.67.4.103.18692},
}

% Online reviews affect sales
@article{ye2009,
  author = {Qiang Ye and Rob Law and Bin Gu},
  title = {The impact of online user reviews on hotel room sales},
  journal = {International Journal of Hospitality Management},
  volume = {28},
  number = {1},
  pages = {180-182},
  year = {2009},
  doi = {10.1016/j.ijhm.2008.06.011}
}

% Online reviews impact new customers decisions
@article{vermeulen2009,
  author = {Vermeulen, I. and Seegers, D.},
  journal = {Tourism Management},
  pages = {123-127},
  title = {Tried and tested: The impact of online hotel reviews on consumer consideration},
  volume = {30},
  year = {2009},
  doi = {10.1016/j.tourman.2008.04.008},
}

% Online reviews affect customers perception of service
url = {https://eprints.qut.edu.au/57907/3/Browning_So_and_Sparks_Final_PP.pdf}
@article{browning2013,
  title={The influence of online reviews on consumers' attributions of service quality and control for service standards in hotels},
  author={Browning, Victoria and So, Kevin Kam Fung and Sparks, Beverley},
  journal={Journal of Travel \& Tourism Marketing},
  volume={30},
  number={1-2},
  pages={23-40},
  year={2013},
  doi={10.1080/10548408.2013.750971}
}

% Investigates the extent to which social media appear in search engine results in the context of travel-related searches
@article{xiang2010,
title = {Role of social media in online travel information search},
journal = {Tourism Management},
volume = {31},
number = {2},
pages = {179-188},
year = {2010},
doi = {10.1016/j.tourman.2009.02.016},
author = {Zheng Xiang and Ulrike Gretzel}
}

# emotion to helpfulness?
@article{ren2019,
title = {Examining the relationship between specific negative emotions and the perceived helpfulness of online reviews},
journal = {Information Processing \& Management},
volume = {56},
number = {4},
pages={1425--1438},
year={2019},
doi = {10.1016/j.ipm.2018.04.003},
author = {Gang Ren and Taeho Hong}
}


%%%%%%%%%%%%%%%%%%%%%%%%%%%%%%%%%%%
%%%%%% Customer satisfaction %%%%%%
%%%%%%%%%%%%%%%%%%%%%%%%%%%%%%%%%%%

% Likert scale for measuring satisfaction
@article{likert1932technique,
  title={A technique for the measurement of attitudes.},
  author={Likert, Rensis},
  journal={Archives of psychology},
  year={1932}
}

% satisfaction = as good as expected or more
@article{hunt1975,
  title={Image as a factor in tourism development},
  author={Hunt, John D},
  journal={Journal of travel research},
  volume={13},
  number={3},
  pages={1--7},
  year={1975},
  publisher={Sage Publications Sage CA: Thousand Oaks, CA}
}

% emotional response to the services
@article{oliver1981,
  title={Measurement and evaluation of satisfaction processes in retail settings.},
  author={Oliver, Richard L},
  journal={Journal of retailing},
  year={1981},
  publisher={Elsevier Science}
}

% psychology definitions
@article{oh1996,
  title={Customer satisfaction and service quality: a critical review of the literature and research implications for the hospitality industry},
  author={Oh, Haemoon and Parks, Sara C},
  journal={Hospitality Research Journal},
  volume={20},
  number={3},
  pages={35--64},
  year={1996},
  publisher={SAGE Publications Sage CA: Los Angeles, CA}
}

% influenced by customers background, expectation vs reality
@book{engel1990,
author = {J.F. Engel and R.D. Blackwell and P.W. Miniard},
title = {Consumer Behavior (6th edition)},
publisher = {Dryden Press},
address= {Hinsdale, Illinois, USA},
year= {1990}
}

% in Taiwan, dataset language unknown
@article{wu2009,
title={Effect of experiential value on customer satisfaction with service encounters in luxury-hotel restaurants},
author={Wu, Cedric Hsi-Jui and Liang, Rong-Da},
journal={International Journal of Hospitality Management},
volume={28},
number={4},
pages={586-593},
year={2009},
doi={10.1016/j.ijhm.2009.03.008}
}

%%%%%%%%%%%%%%%%%%%%%%%%%%%%%%
%%%%%% Chinese behavior %%%%%%
%%%%%%%%%%%%%%%%%%%%%%%%%%%%%%


% Chinese generational behavior towards nature (younger generations do less)
% url= {https://www.researchgate.net/profile/Chaozhi_Zhang/publication/320030522_Chinese_tourists'_views_of_nature_and_natural_landscape_interpretation_a_generational_perspective/links/59cb2031a6fdcc451d582ed5/Chinese-tourists-views-of-nature-and-natural-landscape-interpretation-a-generational-perspective.pdf}
@article{gao2017chinese,
  title={{Chinese} tourists' views of nature and natural landscape interpretation: a generational perspective},
  author={Gao, Jun and Zhang, Chaozhi and Huang, {Zhuowei (Joy)}},
  journal={Journal of Sustainable Tourism},
  volume={26},
  number={4},
  pages={668--684},
  year={2017},
  publisher={Taylor \& Francis},
  doi={10.1080/09669582.2017.1377722}
}

% Chinese tourists in New Zealand
% Cleanliness, nature and architecture scenery over experiences and activities
% url={http://www.academia.edu/download/45426173/chinese_visitors_to_new_zealend.pdf}
@article{ryan2001,
author = {Ryan, C. and Mo, X.},
journal = {Journal Of Vacation Marketing},
number = {1},
pages = {13-27},
title = {Chinese visitors to {New Zealand} - Demographics and perceptions},
volume = {8},
year = {2001},
doi={10.1177/135676670200800103}
}

% 161 samples survey
% This study investigates the travel objectives and motivation both first-time and repeat Chinese tourists.
% Food preference, cleanliness, staff manners
@article{dongyang2015,
  title={A Study on Preferences and Behavioral Patterns of {Chinese} Tourists in {Kansai} Region, {Japan}},
  author={Dongyang, Zhang and Mori, Takeshi and Hayashi, Kenta and others},
  journal={Konan Economic Papers},
  volume={55},
  number={1-2},
  pages={31-46},
  year={2015},
  doi={10.14990/00001507}
}

% Satisfaction: Chinese tourists in Hong Kong
% Not particularly useful
% url={https://strathprints.strath.ac.uk/52708/1/Chan_etal_JTTM2015_impact_of_tour_service_performance_on_tourist_satisfaction.pdf}
@article{chan201518,
  author = {Andrew Chan and Cathy H.C. Hsu and Tom Baum},
  title = {The Impact of Tour Service Performance on Tourist Satisfaction and Behavioral Intentions: A Study of {Chinese} Tourists in {Hong Kong}},
  journal = {Journal of Travel \& Tourism Marketing},
  volume = {32},
  number = {1-2},
  pages = {18-33},
  year  = {2015},
  doi = {10.1080/10548408.2014.986010}
}

# Satisfaction: Chinese in Vietnam
% Value for money
@article{truong2009,
  author = {Truong, T. and King, B.},
  journal = {International Journal Of Tourism Research},
  number = {6},
  pages = {521-535},
  title = {An evaluation of satisfaction levels among {Chinese} tourists in {Vietnam}},
  volume = {11},
  year = {2009},
  doi = {10.1002/jtr.726},
  url={https://onlinelibrary.wiley.com/doi/pdf/10.1002/jtr.726}
}

% Chinese tourists food preferences
% Chinese tourists like Chinese food or similar in their travels
% Contrast with DongYang 2015 that says Osaka's main attraction for Chinese tourists is the Japanese food market
@article{chang2010,
author = {Chang, R. and Kivela, J. and Mak, A.},
journal = {Annals Of Tourism Research},
number = {4},
pages = {989-1011},
title = {Food preferences of {Chinese} tourists},
volume = {37},
year = {2010},
doi = {10.1016/j.annals.2010.03.007},
}

% Chinese food preferences
@article{ma2015,
author = {Ma, G.},
journal = {Journal Of Ethnic Foods},
number = {4},
pages = {195-199},
title = {Food, eating behavior, and culture in {Chinese} society},
volume = {2},
year = {2015},
doi = {10.1016/j.jef.2015.11.004},
}

% Chinese and tobacco
% Chinese smoke a lot. 49 - 60% of Chinese men (and 2.0 - 2.8% of women) currently smoke or have smoked before
@article{zhang2019tobacco,
  title={Prevalence of smoking and knowledge about the smoking hazards among 170,000 {Chinese} adults: a nationally representative survey in 2013-2014.},
  author={Zhang, M and Liu, S and Yang, L and Jiang, Y and Huang, Z and Zhao, Z and Deng, Q and Li, Y and Zhou, M and Wang, L and others},
  journal={Nicotine \& tobacco research: official journal of the Society for Research on Nicotine and Tobacco},
  volume={ntz020},
  number={},
  year={2019},
  doi={10.1093/ntr/ntz020}
}


@article{liu2019,
title = "Listen to the voices from home: An analysis of {Chinese} tourists’ sentiments regarding {Australian} destinations",
journal = "Tourism Management",
volume = "71",
pages = "337 - 347",
year = "2019",
issn = "0261-5177",
doi = "https://doi.org/10.1016/j.tourman.2018.10.004",
url = "http://www.sciencedirect.com/science/article/pii/S0261517718302395",
author = "Yi Liu and Kaixuan Huang and Jigang Bao and Kaiqi Chen"
}


%%%%%%%%%%%%%%%%%%%%%%%%%%%%%%
%%%%%% Western behavior %%%%%%
%%%%%%%%%%%%%%%%%%%%%%%%%%%%%%

% British and German tourists in Spain and Turkey
% paper copy in lab, PDF scanned
% British and German tourists' satisfaction determinants while visiting Spain and Turkey were hygiene and cleanliness, hospitality, the availability of facilities and activities, and accommodation services.
@article{kozak2002,
year={2002},
title={Measuring Tourist Satisfaction With Multiple Destination Attributes},
author={Kozak, Metin},
journal={Tourism Analysis},
volume={7},
number={3-4},
pages={229-240(12)},
doi={10.3727/108354203108750076}
}

% English speaking tourists in Perth Australia
% paper copy in lab, PDF scanned
% English speaking tourists in Perth, Australia were most satisfied with staff friendliness, efficiency of check-in and check-out, restaurant and bar facilities and lobby ambiance. 
@article{shanka2004,
  title={An investigation into the perceived importance of service and facility attributes to hotel satisfaction},
  author={Shanka, Tekle and Taylor, Ruth},
  journal={Journal of Quality Assurance in Hospitality \& Tourism},
  volume={4},
  number={3-4},
  pages={119-134},
  year={2004},
  doi={10.1300/J162v04n03_08}
}



% Tobacco in the rest of the world
@misc{who2015tobacco,
title={WHO global report on trends in prevalence of tobacco smoking 2015},
year={2015},
author={{World Health Organization}},
url={https://apps.who.int/iris/bitstream/handle/10665/156262/9789241564922_eng.pdf},
note={{ISBN: }978-9241564922}
}

%%%%%%%%%%%%%%%%%%%%%%%%%%%%%%%%%%%%%%%
%%%%%% Western vs Asian behavior %%%%%%
%%%%%%%%%%%%%%%%%%%%%%%%%%%%%%%%%%%%%%%

% Western travelers vs Asian in Hong Kong
% Room quality over value of the hotel
% http://www.academia.edu/download/33701455/840438.pdfs
% PDF in Academia - My References - References 
@article{choi2000,
author = {Choi, Tat Y. and Chu, Raymond},
year= {2000},
title={Levels of satisfaction among Asian and Western travellers},
journal= {International Journal of Quality \& Reliability Management},
volume={17},
number = {2},
pages={116--132},
doi={10.1108/02656710010304537}
}


% Western vs Asian travelers
% Results (from abstract) disproved that customers are 'woke'
% (Western) Hotel Health facilities 
% (Asian ) Karaoke
% ask for PDF in library site
@article{bauer1993changing,
  title={The changing demand for hotel facilities in the Asia Pacific region},
  author={Bauer, Thomas and Jago, Leo and Wise, Brian},
  journal={International Journal of Hospitality Management},
  volume={12},
  number={4},
  pages={313--322},
  year={1993},
  publisher={Elsevier},
  doi={10.1016/0278-4319(93)90048-E}
}

% paper copy in lab, PDF scanned
% individualism (americans) vs collectivism (japan)
% motivation for travel : escape and knowledge for both
% prestige and family for japanese
% novelty for americans
@article{kim2000,
author = {Chulwon Kim and Seokho Lee},
title = {Understanding the Cultural Differences in Tourist Motivation Between Anglo-American and Japanese Tourists},
journal = {Journal of Travel \& Tourism Marketing},
volume = {9},
number = {1-2},
pages = {153-170},
year  = {2000},
publisher = {Routledge},
doi = {10.1300/J073v09n01\_09}
}


%%%%%%%%%%%%%%%%%%%%%%%%%%%%%%%%%%%%
%%%%%%%% Universal Behavior %%%%%%%%
%%%%%%%%%%%%%%%%%%%%%%%%%%%%%%%%%%%%

% Studies correlations between places and satisfaction, but not the factors leading to satisfaction
% Satisfaction --> loyalty and future trips
@article{romao2014,
  title={Determinants of trip choice, satisfaction and loyalty in an eco-tourism destination: a modelling study on the {Shiretoko Peninsula}, {Japan}},
  author={Rom{\~a}o, Jo{\~a}o and Neuts, Bart and Nijkamp, Peter and Shikida, Asami},
  journal={Ecological Economics},
  volume={107},
  pages={195-205},
  year={2014},
  doi={10.1016/j.ecolecon.2014.07.019}
}

% Hangzhou, China, 
% Satisfiers vs dissatisfiers
% Uses online reviews, Not text mining, manual tagging, ANOVA statistical analysis
% Agoda.com in English and Mandarin
@article{zhou2014,
title = {Refreshing hotel satisfaction studies by reconfiguring customer review data},
journal = {International Journal of Hospitality Management},
volume = {38},
pages = {1-10},
year = {2014},
doi = {10.1016/j.ijhm.2013.12.004},
author = {Lingqiang Zhou and Shun Ye and Philip L. Pearce and Mao-Ying Wu}
}

% English, Chinese and Japanese questionnaires, 
% but results aren't cross-culture compared
% hotel satisfaction in Hong Kong
@article{choi2001,
title = "Determinants of hotel guests’ satisfaction and repeat patronage in the Hong Kong hotel industry",
journal = "International Journal of Hospitality Management",
volume = "20",
number = "3",
pages = "277--297",
year = "2001",
issn = "0278-4319",
doi = "10.1016/S0278-4319(01)00006-8",
url = "http://www.sciencedirect.com/science/article/pii/S0278431901000068",
author = "Tat Y. Choi and Raymond Chu"
}

% Amakudari, Shiroi Koibito, Naruto, Shayoozoku, Otaku-Jyourenn
% Typology summarizing different nations of foreigners coming to Japan
% results aren't cross-culture
% paper copy in lab, PDF scanned
@article{Uzama2012,
author = {Austin Uzama},
title = {Yokoso! Japan: Classifying Foreign Tourists to Japan for Market Segmentation},
journal = {Journal of Hospitality Marketing \& Management},
volume = {21},
number = {2},
pages = {132-154},
year  = {2012},
publisher = {Routledge},
doi = {10.1080/19368623.2011.615016}
}

%%%%%%%%%%%%%%%%%%%%%%%%%%%%%%%%%
%%%%%% Data mining and KDD %%%%%%
%%%%%%%%%%%%%%%%%%%%%%%%%%%%%%%%%

@article{fayyad1996data,
  title={From data mining to knowledge discovery in databases},
  author={Fayyad, Usama and Piatetsky-Shapiro, Gregory and Smyth, Padhraic},
  journal={AI magazine},
  volume={17},
  number={3},
  pages={37--37},
  year={1996},
  doi={10.1609/aimag.v17i3.1230},
  url={https://wvvw.aaai.org/ojs/index.php/aimagazine/article/download/1230/1131} 
}

@incollection{rajman1998text,
  title={Text mining-knowledge extraction from unstructured textual data},
  author={Rajman, Martin and Besan{\c{c}}on, Romaric},
  booktitle={Advances in data science and classification},
  pages={473--480},
  year={1998},
  publisher={Springer}
}

@inproceedings{nahm2002text,
  title={Text mining with information extraction},
  author={Nahm, Un Yong and Mooney, Raymond J},
  booktitle={Proceedings of the AAAI 2002 Spring Symposium on Mining Answers from Texts and Knowledge Bases},
  pages={60--67},
  year={2002},
  organization={Stanford CA}
}

%%%%%%%%%%%%%%%%%%%%%%%%%%%%%%%%%%%%%%%%%%%%
%%%%%%%% Data mining in hospitality %%%%%%%%
%%%%%%%%%%%%%%%%%%%%%%%%%%%%%%%%%%%%%%%%%%%%

# Text-link analysis 20 reviews (hand picked) (limited to survey)
@article{berezina2016,
title={Understanding Satisfied and Dissatisfied Hotel Customers: Text Mining of Online Hotel Reviews},
author={Berezina, Katerina and Bilgihan, Anil and Cobanoglu, Cihan and Okumus, Fevzi},
journal={Journal of Hospitality Marketing \& Management},
publisher={Routledge},
volume={25},
number={1},
year={2016},
pages={1-24},
doi={10.1080/19368623.2015.983631}
}

% Frequency analysis based on already classified posi/nega corpora, keywords not completely hinged on emotional judgement
@article{xu2016,
  author={Xu, Xun and Li, Yibai},
  title={The antecedents of customer satisfaction and dissatisfaction toward various types of hotels: A text mining approach},
  journal={International journal of hospitality management},
  volume={55},
  pages={57-69},
  year={2016},
  doi={10.1016/j.ijhm.2016.03.003}
}

% review summarization
@article{hu2017436,
  author = {Ya-Han Hu and Yen-Liang Chen and Hui-Ling Chou},
  title = {Opinion mining from online hotel reviews – A text summarization approach},
  journal = {Information Processing \& Management},
  volume = {53},
  number = {2},
  pages = {436-449},
  year = {2017},
  doi = {10.1016/j.ipm.2016.12.002}
}


% Heuristic Frequency Analysis, Emotional Judgment unknown (Xiang, 2015)
% 
@article{xiang2015,
  author = {Zheng Xiang and Zvi Schwartz and John H. Gerdes and Muzaffer Uysal},
  title = {What can big data and text analytics tell us about hotel guest experience and satisfaction?},
  journal = {International Journal of Hospitality Management},
  volume = {44},
  pages = {120-130},
  year = {2015},
  doi = {10.1016/j.ijhm.2014.10.013}
}

% used “Word Cloud” for topics, sentiment analysis is done at a hotel level, instead of a word level
@article{hargreaves2015,
  author = {Hargreaves, C.},
  journal = {American Journal Of Marketing Research},
  number = {4},
  pages = {208-214},
  title = {Analysis of hotel guest satisfaction ratings and reviews: An application in {Singapore}},
  volume = {1},
  year = {2015},
}

% Combines hotel review scores with text emotion to assign satisfaction level
@article{balbi2018,
  author = {Simona Balbi and Michelangelo Misuraca and Germana Scepi},
  title = {Combining different evaluation systems on social media for measuring user satisfaction},
  journal = {Information Processing \& Management},
  volume = {54},
  number = {4},
  pages = {674-685},
  year = {2018},
  doi = {10.1016/j.ipm.2018.04.009}
}

# Review readability
@article{FANG2016498,
  title = "Analysis of the perceived value of online tourism reviews: Influence of readability and reviewer characteristics",
  journal = "Tourism Management",
  volume = "52",
  pages = "498--506",
  year = "2016",
  doi = "https://doi.org/10.1016/j.tourman.2015.07.018",
  author = "Bin Fang and Qiang Ye and Deniz Kucukusta and Rob Law",
}

@article{yang2014,
title={Predicting hotel demand using destination marketing organization’s web traffic data},
author={Yang, Yang and Pan, Bing and Song, Haiyan},
journal={Journal of Travel Research},
volume={53},
number={4},
pages={433-447},
year={2014},
doi={10.1177/0047287513500391}
}

@article {loh2003,
author = {Loh, Stanley and Lorenzi, Fabiana and Salda{\~n}a, Ramiro and Licthnow, Daniel},
title = {A Tourism Recommender System Based On Collaboration And Text Analysis},
journal = {Information Technology \& Tourism},
year = {2003},
volume = {6},
number = {3},
pages = {157-165},
doi = {10.3727/1098305031436980}
}

%%%%%%%%%%%%%%%%%%%%%%%%%%%%%%%%
%%%%%% Sentiment Analysis %%%%%%
%%%%%%%%%%%%%%%%%%%%%%%%%%%%%%%%

% precursor to sentiment analysis
@book{stone1966general,
  title={The general inquirer: A computer approach to content analysis.},
  author={Stone, Philip J and Dunphy, Dexter C and Smith, Marshall S},
  year={1966},
  publisher={MIT press}
}

# uses both sentiment and freq, but with predefined categories of satisfaction
@article{kim2017362,
title = {What makes tourists feel negatively about tourism destinations? Application of hybrid text mining methodology to smart destination management},
journal = {Technological Forecasting and Social Change},
volume = {123},
pages = {362-369},
year = {2017},
doi = {10.1016/j.techfore.2017.01.001},
author = {Kun Kim and Oun-joung Park and Seunghyun Yun and Haejung Yun}
}

% trained machines to tag +- for Arabic hotel reviews but didn't use it for customer analysis
@article{alsmadi2018,
  author = {Mohammad Al-Smadi and Mahmoud Al-Ayyoub and Yaser Jararweh and Omar Qawasmeh},
  title = {Enhancing Aspect-Based Sentiment Analysis of {Arabic} Hotels’ reviews using morphological, syntactic and semantic features},
  journal = {Information Processing \& Management},
  volume = {56},
  number = {2},
  year = {2018},
  doi = {10.1016/j.ipm.2018.01.006}
}

%%%%%%%%%%%%%%%%%%%%%%%%%%%%%%%%%%%%%%%%%%%%%%%%%%%%%%%
%%%%%%%%%%%%% Chinese Language Processing %%%%%%%%%%%%%
%%%%%%%%%%%%%%%%%%%%%%%%%%%%%%%%%%%%%%%%%%%%%%%%%%%%%%%

% Chinese language processing
@article{chen1999,
author = {Chen, F. and Tsai, P. and Chen, K. and Huang, C.},
journal = {Computational Linguistics And {Chinese} Language Processing},
number = {2},
pages = {87-104},
title = {The Construction of {Sinica Treebank}},
volume = {4},
year = {1999},
}

% Chinese language processing
@inproceedings{huang1992,
address = {Nantes, France},
author = {Huang, C. and Chen, K.},
booktitle = {Proceedings of the 1992 International Conference on Computational Linguistics (COLING-92)},
pages = {1214-1217},
title = {A {Chinese} Corpus for Linguistics Research},
year = {1992},
}

% Chinese language processing
@inproceedings{huang2005,
address = {Jeju, Korea},
author = {Huang, C. and Kilgarriff, A. and Wu, Y. and Chiu,C. and Smith,S. and Rychlý, P. and Bai, M. and Chen, K.},
booktitle = {Proceedings of the Fourth SIGHAN Workshop on {Chinese} Language Processing},
pages = {48-55},
title = {{Chinese} Sketch Engine and the Extraction of Collocations},
year = {2005},
}

% Chinese language processing
@article{xue2005,
author = {Xue, N. and Xia, F. and Chiou, F. and Palmer, M.},
journal = {Natural Language Engineering},
number = {2},
pages = {207-238},
title = {The {Penn} {Chinese} {TreeBank}: Phrase structure annotation of a large corpus},
volume = {11},
year = {2005},
doi = {10.1017/s135132490400364x},
}

% Chinese emotion extraction
@book{huang2008,
address = {Beijing, China},
author = {Huang, S. and Shih, Y. and Chen, K.},
publisher = {In The First National HowNet Workshop},
title = {E-HowNet: the Expansion of HowNet},
year = {2008},
}

% PHD THESIS DON'T USE
% Chinese emotion extraction
@phdthesis{lee2010-a,
author = {Lee, S.},
school = {The Hong Kong Polytechnic University},
title = {A linguistic approach to emotion detection and classification (Ph. D.)},
year = {2010},
}

% Chinese emotion extraction
@inproceedings{lee2010-b,
title={A text-driven rule-based system for emotion cause detection},
author={Lee, Sophia Yat Mei and Chen, Ying and Huang, Chu-Ren},
booktitle={Proceedings of the NAACL HLT 2010 Workshop on Computational Approaches to Analysis and Generation of Emotion in Text},
pages={45-53},
year={2010},
organization={Association for Computational Linguistics}
}

% Chinese emotion extraction
@inproceedings{chen2010emotion,
title={Emotion cause detection with linguistic constructions},
author={Chen, Ying and Lee, Sophia Yat Mei and Li, Shoushan and Huang, Chu-Ren},
booktitle={Proceedings of the 23rd International Conference on Computational Linguistics},
pages={179--187},
year={2010},
organization={Association for Computational Linguistics}
}

%%%%%%%%%%%%%%%%%%%%%%%%%%%%%%%%%%%%
%%%%%% Text mining in Chinese %%%%%%
%%%%%%%%%%%%%%%%%%%%%%%%%%%%%%%%%%%%

% text mining in Chinese
@article{zhang2011,
author = {Zhang, H. and Yu, Z. and Xu, M. and Shi, Y.},
journal = {In Proceedings of the 2011 3Rd International Conference On Computer Research And Development},
pages = {135-140},
title = {Feature-level sentiment analysis for {Chinese} product reviews.},
volume = {2},
year = {2011},
doi = {10.1109/iccrd.2011.5764099},
}


# trained sentiment analysis using Chinese Stanford Parser
@article{chen20181325,
title = {Tracking and recognizing emotions in short text messages from online chatting services},
journal = {Information Processing \& Management},
volume = {54},
number = {6},
pages = {1325-1344},
year = {2018},
doi = {10.1016/j.ipm.2018.05.008},
author = {Chih-Hao Chen and Wei-Po Lee and Jhih-Yuan Huang}
}



%%%%%%%%%%%%%%%%%%%%%%%%%
%%%%%% Methodology %%%%%%
%%%%%%%%%%%%%%%%%%%%%%%%%

# Entropy based SVM
@inproceedings{Aleman2018ICAROB,
author = {Elisa Claire {Alemán Carreón} and Hirofumi Nonaka and Toru Hiraoka and Minoru Kumano and Takao Ito and Masaharu Hirota},
title = {Emotional Contribution Analysis of Online Reviews},
booktitle = {Proceedings of The 2018 International Conference on Artificial Life and Robotics (ICAROB2018)},
volume = {23},
pages = {359-362},
address = {Beppu, Japan},
date = {2018-02-04},
year = {2018},
doi = {10.5954/ICAROB.2018.OS5-3},
issn = {2188-7829}
}

# Stanford NLP Segmenter
@inproceedings{chang2008,
author = {Chang, P. and Galley, M. and Manning, C.},
booktitle = {Statmt '08 Proceedings Of The Third Workshop On Statistical Machine},
pages = {224-232},
title = {Optimizing {Chinese} Word Segmentation for Machine Translation Performance},
year = {2008},
month={June},
address={Columbus,Ohio,USA},
url = {http://nlp.stanford.edu/pubs/acl-wmt08-cws.pdf},
}

# Entropy
@article{shannon1948,
author = {Shannon, C.},
journal = {Bell System Technical Journal},
number = {3},
pages = {279-423},
title = {A Mathematical Theory of Communication},
volume = {27},
year = {1948},
doi = {10.1002/j.1538-7305.1948.tb01338.x},
}


# SVM
@article{cortes1995,
author = {Cortes, C. and Vapnik, V.},
journal = {Machine Learning},
number = {3},
pages = {273-297},
title = {Support-vector networks},
volume = {20},
year = {1995},
doi = {10.1007/bf00994018},
}

# Cross-validation
@article{kohavi1995,
author = {Kohavi, R.},
journal = {International Joint Conference On Artificial Intelligence},
pages = {2},
title = {A study of cross-validation and bootstrap for accuracy estimation and model selection},
volume = {14},
year = {1995},
}

# F-1
@article{powers2011,
author = {Powers, D.},
journal = {Journal Of Machine Learning Technologies},
number = {1},
pages = {37-63},
title = {Evaluation: From Precision, Recall and F-Measure to ROC, Informedness, Markedness \& Correlation},
volume = {2},
year = {2011},
url = {http://www.flinders.edu.au/science_engineering/fms/School-CSEM/publications/tech_reps-research_artfcts/TRRA_2007.pdf},
}

% Rank-biased Overlap to compare lists of factors
% https://github.com/dlukes/rbo
@article{webber2010similarity,
  title={A similarity measure for indefinite rankings},
  author={Webber, William and Moffat, Alistair and Zobel, Justin},
  journal={ACM Transactions on Information Systems (TOIS)},
  volume={28},
  number={4},
  pages={20},
  year={2010},
  publisher={ACM},
  doi={10.1145/1852102.1852106},
  url={http://codalism.com/research/papers/wmz10_tois.pdf}
}

% Uses RBO in the document
@article{wagner2014nature,
  title={The nature and evolution of online food preferences},
  author={Wagner, Claudia and Singer, Philipp and Strohmaier, Markus},
  journal={EPJ Data Science},
  volume={3},
  number={1},
  pages={38},
  year={2014},
  publisher={SpringerOpen},
  doi={10.1140/epjds/s13688-014-0036-7}
}


%%%%%%%%%%%%%%%%%%%%%%%%%%%%%%

%%%%%%%%%%%%%%%%%%%%%%%%%%%%%%%%%%%%%%%%%%%%%%%%
%%%%%%%%%%%%%%%%%%%%        %%%%%%%%%%%%%%%%%%%%
%%%%%%%%%%%%%%%%%%%% Unused %%%%%%%%%%%%%%%%%%%%
%%%%%%%%%%%%%%%%%%%%        %%%%%%%%%%%%%%%%%%%%
%%%%%%%%%%%%%%%%%%%%%%%%%%%%%%%%%%%%%%%%%%%%%%%%s

% Worthless
% paper copy in lab, PDF scanned
@article {DAVIDSON2004,
title = "The Internet And The Occidental Tourist: An Analysis Of Taiwan's Tourism Websites From The Perspective Of Western Tourists",
journal = "Information Technology \& Tourism",
year = "2004",
volume = "7",
number = "2",
pages = "91--102",
issn = "1098-3058",
url = "https://www.ingentaconnect.com/content/cog/itt/2004/00000007/00000002/art00004",
doi = "10.3727/1098305054517318",
author = "Davidson, Andrew P. and Yu, Yingmiao"
}

%%%%%%%%%%%%%%%%%%%%%%%%%
%%%%%% Text mining %%%%%%
%%%%%%%%%%%%%%%%%%%%%%%%%

@article{he2013,
author = {He, W. and Zha, S. and Li, L.},
journal = {International Journal Of Information Management},
number = {3},
pages = {464-472},
title = {Social media competitive analysis and text mining: A case study in the pizza industry},
volume = {22},
year = {2013},
doi = {10.1016/j.ijinfomgt.2013.01.001},
}

@article{nonaka2012,
author = {Nonaka, H. and Kobayahi, A. and Sakaji, H. and Suzuki, Y. and Sakai, H. and Masuyama, S.},
journal = {Journal of Japan Industrial Management Association},
number = {2E},
pages = {105-111},
title = {Extraction of the Effect and the Technology Terms from a Patent Document},
volume = {63},
year = {2012},
}

@inproceedings{nonaka2014,
author = {Nonaka, H. and Kubo, D. and Kimura, M. and Hiraoka, T. and Ota, T. and Masuyama, S.},
booktitle = {Proceedings of the IEEE Technology Management Conference (ITMC)},
pages = {1-4},
title = {Correlation analysis between financial data and patent score based on HITS algorithm.},
year = {2014},
}

@article{liu2017149,
title = {Ranking products through online reviews: A method based on sentiment analysis technique and intuitionistic fuzzy set theory},
journal = {Information Fusion},
volume = {36},
pages = {149-161},
year = {2017},
doi = {10.1016/j.inffus.2016.11.012},
author = {Yang Liu and Jian-Wu Bi and Zhi-Ping Fan}
}

@article{fan201790,
title = {Product sales forecasting using online reviews and historical sales data: A method combining the {Bass} model and sentiment analysis},
journal = {Journal of Business Research},
volume = {74},
pages = {90-100},
year = {2017},
doi = {10.1016/j.jbusres.2017.01.010},
author = {Zhi-Ping Fan and Yu-Jie Che and Zhen-Yu Chen}
}

@article{amplayo201754,
title = {An adaptable fine-grained sentiment analysis for summarization of multiple short online reviews},
journal = {Data \& Knowledge Engineering},
volume = {110},
pages = {54-67},
year = {2017},
doi = {10.1016/j.datak.2017.03.009},
author = {Reinald Kim Amplayo and Min Song}
}

@article{bollen2011,
author = {Bollen, J. and Mao, H. and Zeng, X.},
journal = {Journal Of Computational Science},
number = {1},
pages = {1-8},
title = {Twitter mood predicts the stock market},
volume = {2},
year = {2011},
doi = {10.1016/j.jocs.2010.12.007},
}

@inproceedings{oconnor2010,
author = {O'Connor, B. and Balasubramanyan, R. and Routledge, B. and Smith, N.},
booktitle = {Proceedings Of The Fourth International AAAI Conference On Weblogs And Social Media},
pages = {122–129},
publisher = {11(1-2)},
title = {From tweets to polls: Linking text sentiment to public opinion time series},
year = {2010},
}

